@TECHREPORT{1,
    AUTHOR = {Virendra J. Marathe, Michael F. Spear, Christopher Heriot, Athul Acharya, David Eisenstat, William N. Scherer III, and Michael L. Scott},
    TITLE = "Lowering the Overhead of Nonblocking Software Transactional Memory",
    PUBLISHER = {University of Rochester},
    YEAR = "2006"
}

@TECHREPORT{2,
    AUTHOR = {Christoph M. Kirsch, Michael Lippautz, and Hannes Payer},
    TITLE = {Fast and Scalable, Lock-free k-FIFO Queues},
    PUBLISHER = {University of Salzburg}
}